<record><leader>00000cas a22000007a 4500</leader><controlfield tag="001">13457761</controlfield><controlfield tag="008">860419d19241925nvuwr ne      0    0eng d</controlfield><datafield ind1=" " ind2=" " tag="010"><subfield code="a">sn 86091344 </subfield></datafield><datafield ind1=" " ind2=" " tag="040"><subfield code="a">UNP</subfield><subfield code="b">eng</subfield><subfield code="c">UNP</subfield><subfield code="d">NNX</subfield><subfield code="d">OCLCQ</subfield></datafield><datafield ind1=" " ind2=" " tag="042"><subfield code="a">msc</subfield></datafield><datafield ind1=" " ind2="4" tag="050"><subfield code="a">AN2.N3</subfield><subfield code="b">O76</subfield></datafield><datafield ind1="0" ind2="0" tag="245"><subfield code="a">Orovada weekly journal.</subfield></datafield><datafield ind1=" " ind2=" " tag="260"><subfield code="a">Orovada, Nev. :</subfield><subfield code="b">I.J. Studebaker,</subfield><subfield code="c">1924-1925.</subfield></datafield><datafield ind1=" " ind2=" " tag="300"><subfield code="a">1 v. :</subfield><subfield code="b">ill.</subfield></datafield><datafield ind1=" " ind2=" " tag="310"><subfield code="a">Weekly</subfield></datafield><datafield ind1="0" ind2=" " tag="362"><subfield code="a">Vol. 1, no. 1 (Sept. 5, 1924)-v. 1, no. 5 (Aug. 28, 1925).</subfield></datafield><datafield ind1=" " ind2=" " tag="752"><subfield code="a">United States</subfield><subfield code="b">Nevada</subfield><subfield code="c">Humboldt</subfield><subfield code="d">Orovada.</subfield></datafield></record>